% book:
% mandatory: author;gender;title;location;date;
% optional: edition;editor;isbn;publisher;volumes;volume;series;number;
@Book{DanGraKap2022a,
  author     = {Güther Dannoritzer and Jürgen Gratzke and Heiko Käppel and Richard Wegers and Dominik Weng},
  date       = {2022},
  gender     = {pm},
  location   = {Köln},
  title      = {Fachstufe II[:] Fachinformatiker/-in Systemintegration, Fachinformatiker/-in Digitale Vernetzung},
  edition    = {1},
  editor     = {Jürgen Gratzke},
  isbn       = {978-3-14-220108-5},
  publisher  = {Westermann},
  series     = {IT-Berufe},
  annotation = {Handelt die Lernfelder LF10b, LF10d, LF11b und LF11d abwechselnd ab. LF12 gilt für die Fachrichtungen b und d gemeinsam, LF12d erhält ab S. 435 überraschend einen gesonderten Teil. Außerdem: Kapitel 4 (LF 11d) verweist immer wieder auf Kapitel 3 (LF11b). Demnach bräuchte die FR 'd' also auch den Inhalt von FR 'b'.},
  keywords   = {LF10b,LF11b,LF12b,LF10d,LF11d,LF12d},
  langid     = {ngerman},
  note       = {Print},
  shorttitle = {Fachstufe II: Systemintegration und Digitale Vernetzung. Lernfelder 10-12, 2022},
  subtitle   = {Lernfelder 10-12},
}

% **Online**:
%  - *mandatory*: url;urldate
%  - *optional*: author;gender;title;organization;location;date;pubstate
@Book{RlpIt2019a,
  author       = {KMK},
  date         = {2019},
  gender       = {pp},
  location     = {Berlin},
  title        = {Rahmenlehrplan für die Ausbildungsberufe Fachinformatiker und Fachinformatikerin [und] IT-System-Elektroniker und IT-System-Elektronikerin},
  publisher    = {Sekretariat der Kultusministerkonferenz, Referat Berufliche Bildung, Weiterbildung und Sport},
  series       = {kmk.org},
  annotation   = {Spezifiziert Lehrstoff und Lernziele für alle Lernfelder - in einem eher zusammenfassenden Stil. Bildet die zentrale Richtlinie für Lehrer und Schüler.},
  keywords     = {ORGA},
  langid       = {german},
  note         = {WEB/PDF},
  organization = {Kultusministerkonferenz},
  shorttitle   = {Rahmenlehrplan IT},
  titleaddon   = {[Gemäß] Beschluss der Kultusministerkonferenz vom 13.12.2019},
  url          = {https://www.kmk.org/fileadmin/Dateien/pdf/Bildung/BeruflicheBildung/rlp/Fachinformatiker_19-12-13_EL.pdf},
  urldate      = {2024-09-29},
}

@Book{Kersken2021a,
  author     = {Sascha Kersken},
  date       = {2021},
  gender     = {sm},
  location   = {BONN},
  title      = {Daten- und Prozessanalyse für Fachinformatiker*innen},
  isbn       = {978-3-8362-8112-6},
  publisher  = {Rheinwerk Computing},
  annotation = {Führt zuerst kurz in Einführung in Logik, Mengenlehre, lineare Algebra \& Stochastik ein. Behandelt umfangreich Python. Stellt dann kürzer Datenquellen, maschinelles Lernen, neuronale Netzwerke und Prozessanalyse vor.},
  keywords   = {LF11c,LF12c,LF10c},
  langid     = {ngerman},
  note       = {Print},
  shorttitle = {Daten- und Prozessanalyse, 2021},
}

@Misc{Christiansen2024b,
  author     = {Jennifer Christiansen},
  date       = {2024},
  editor     = {Princoso},
  gender     = {sf},
  title      = {Lernkarten Fachinformatiker/in Digitale Vernetzung: Prüfungsvorbereitung},
  annotation = {Sehr spezialisierte Lernkarten. Gut fürs Repetitorium. Braucht den Kontext},
  keywords   = {LF10d,LF11d,LF12d},
  langid     = {ngerman},
  note       = {Print},
  shorttitle = {Lernkarten Digitale Vernetzung, 2024},
  subtitle   = {Prüfungsvorbereitung auf die Abschlussprüfung},
}

@Misc{Christiansen2024a,
  author     = {Jennifer Christiansen},
  date       = {2024},
  editor     = {Princoso},
  gender     = {sf},
  title      = {Lernkarten Fachinformatiker/in Daten- und Prozessanalyse: Prüfungsvorbereitung},
  annotation = {Sehr spezialisierte Lernkarten. Gut fürs Repetitorium. Braucht den Kontext},
  keywords   = {LF10c,LF11c,LF12c},
  langid     = {ngerman},
  note       = {Print},
  shorttitle = {Lernkarten Daten- und Prozessanalyse, 2024},
  subtitle   = {Prüfungsvorbereitung auf die Abschlussprüfung},
}

@Book{OestSche2014a,
  author     = {Bern Oestereich and Axel Scheithauer},
  date       = {2014},
  gender     = {pm},
  location   = {München},
  title      = {Die UML-Kurzreferenz 2.5 für die Praxis},
  edition    = {6},
  isbn       = {978-3-486-74909-0},
  publisher  = {De Gruyter / Oldenbourg},
  annotation = {Macht dem Untertitel alle Ehre. Die 7 wichtigsten UML-Diagrammtypen werden genau erklärt, die Randtypen skizziert. Zum Lernen und Nachschlagen.},
  keywords   = {LF07,LF09,LF08},
  langid     = {ngerman},
  note       = {Print},
  shorttitle = {UML-Kurzreferenz, 2014},
  sortname   = {B05},
  subtitle   = {kurz, bündig, ballastfrei},
}

@Book{Neumann2024a,
  author     = {René Neumann},
  date       = {2024},
  gender     = {sm},
  location   = {Solingen(?)},
  title      = {IT-Berufe Abschlussprüfung Teil 1: Lernkarten},
  isbn       = {978-3955327576},
  publisher  = {u-Form},
  annotation = {Zum Lernen des Detailwissens.},
  keywords   = {LF01,LF02,LF03,LF04,LF05,LF06,LF07,LF08,LF09},
  langid     = {ngerman},
  note       = {Print},
  shorttitle = {AP-1 Lernkarten, 2024},
  sortname   = {B06},
  subtitle   = {Loseblattsammlung},
}

@Book{Schreiner2014a,
  author     = {Rüdiger Schreiner},
  date       = {2014},
  gender     = {sm},
  location   = {München},
  title      = {Computernetzwerke},
  edition    = {5},
  isbn       = {978-3-446-44132-3},
  publisher  = {Hanser},
  annotation = {Vielfach wieder aufgelegte, systematische Bottom-Up-Darstellung: Zuerst behandelt es das OSI-Referenzmodell, dann die Layer I-IV. Schließlich skizziert es die Aspekte VLAN, VPN, WLAN, Funknetze, Netzzugang und IPv6.},
  keywords   = {LF03,LF09},
  langid     = {ngerman},
  note       = {Print},
  shorttitle = {Computernetzwerke, 2014},
  subtitle   = {Von den Grundlagen zur Funktion und Anwendung},
}

@Book{Baun2022a,
  author     = {Christian Baun},
  date       = {2022},
  gender     = {sm},
  location   = {Frankfurt},
  title      = {Computernetze kompakt},
  edition    = {6},
  isbn       = {978-3-662-65363-0},
  publisher  = {Springer Vieweg},
  series     = {IT kompakt},
  annotation = {Technisch orientiere Einführung. Behandelt zuerst Grundlagen (IT, Computervernetzung, Protokolle), um dann anhand des TCP/IP-Referenzmodells die Schichten von unten nach oben durchzugehen. Enthält auch eine Liste nützlicher 'Commandline Tools'.},
  keywords   = {LF09,LF03},
  langid     = {ngerman},
  note       = {Print},
  shorttitle = {Computernetze kompakt, 2022},
  subtitle   = {Eine praxisorientierte Einführung für Studium und Beruf},
}

@Book{Zisler2022a,
  author     = {Harald Zisler},
  date       = {2022},
  gender     = {sm},
  location   = {Bonn},
  title      = {Computer-Netzwerke},
  edition    = {7., aktualisierte},
  isbn       = {978-3-8362-8948-1},
  publisher  = {Rheinwerk Computing},
  annotation = {Leicht zu lesendes, systematisches und genaues Buch. Löst sich etwas vom Schichtenmodell. Behandelt dafür ausführlicher auch Netzwanwendungen und -praxis.},
  keywords   = {LF09,LF03},
  langid     = {ngerman},
  note       = {Print},
  shorttitle = {Computer-Netzwerke, 2023},
  subtitle   = {Grundlagen, Funktionsweise, Anwenungen},
  titleaddon = {1. Nachdruck v. 2023},
}

@Book{Lowe2021a,
  author     = {Doug Lowe},
  date       = {2021},
  gender     = {sm},
  location   = {Weinheim},
  title      = {Netzwerke für Dummies},
  edition    = {10},
  isbn       = {978-3-527-71772-9},
  number     = {71772-9},
  publisher  = {Wiley},
  series     = {Lernen einfach gemacht},
  annotation = {Wie gewohnt einfache, in die Breite gehende Darstellung. Gut zur thematischen Orientierung.},
  keywords   = {LF03,LF09},
  langid     = {ngerman},
  note       = {Print},
  shorttitle = {Netzwerke für Dummies, 2021},
  translator = {aus dem Amerikanischen v. Gerhard Franken},
}

% book:
% mandatory: author;gender;title;location;date;
% optional: edition;editor;isbn;publisher;volumes;volume;series;number;
@Book{GraKapKul2022a,
  author     = {Jürgen Gratzke and Heiko Käppel and Jens Kullin and Ingo Pattet},
  date       = {2022},
  gender     = {pm},
  location   = {Köln},
  title      = {Fachstufe [I][:] Technische IT Berufe},
  edition    = {1.},
  editor     = {Jürgen Gratzke},
  isbn       = {978-3-14-220036-1},
  publisher  = {Westermann},
  series     = {IT-Berufe},
  annotation = {Enthält u.a. 124 Seiten über Netzwerktechnik, Projektierung und Umsetzung. Anforderungsnahes Lehr- und Lernbuch.},
  keywords   = {LF06,LF07,LF08,LF09},
  langid     = {ngerman},
  note       = {Print},
  shorttitle = {Fachstufe I: Lernfelder 6-9, 2022},
  subtitle   = {Lernfelder 6-9},
}

% book:
% mandatory: author;gender;title;location;date;
% optional: edition;editor;isbn;publisher;volumes;volume;series;number;
@Book{DanGraKap2022b,
  author     = {Günter Dannoritzer and Jürgen Gratzke and Heiko Käppel and Jens Kullin and Ingo Pattet and Richards Wegers and Dominik Weng},
  date       = {2022},
  gender     = {pm},
  location   = {Köln},
  title      = {Arbeitsbuch Lernsituationen Fachstufe [I][:] Technische IT Berufe},
  edition    = {1.},
  editor     = {Jürgen Gratzke},
  isbn       = {978-3-14-220044-6},
  publisher  = {Westermann},
  series     = {IT-Berufe},
  annotation = {(Selbst)Lern- und Übungsbuch},
  keywords   = {LF06,LF07,LF08,LF09},
  langid     = {ngerman},
  note       = {Print},
  shorttitle = {Lernfelder 6-9 Arbeitsbuch, 2022},
  subtitle   = {Lernfelder 6-9},
}

@Book{GraHauPat2020a,
  author     = {Jürgen Gratzke and Bernhard Hauser and Ingo Patett and Klaus Ringhand},
  date       = {2020},
  gender     = {pm},
  location   = {Braunschweig},
  title      = {Grundstufe[:] Lernfelder 1-5},
  edition    = {1},
  editor     = {Jürgen Gratzke},
  isbn       = {978-3-14-220000-2},
  publisher  = {Westermann},
  series     = {IT-Berufe},
  annotation = {Anforderungsnahes Lehr- und Lernbuch.},
  keywords   = {LF01,LF02,LF03,LF04,LF05},
  langid     = {ngerman},
  note       = {Print},
  shorttitle = {Grundstufe: Lernfelder 01-05},
  subtitle   = {Lernfelder 1-5},
}

@Book{Karatas2024a,
  author     = {Metin Karatas},
  date       = {2024},
  gender     = {sm},
  location   = {Bonn},
  title      = {Eigene KI-Anwendungen programmieren},
  isbn       = {978-3-8362-9763-9},
  publisher  = {Rheinwerk Computing},
  addendum   = {Einstieg für KI-Entwicklerinnen},
  keywords   = {LF10c},
  langid     = {ngerman},
  note       = {Print},
  shorttitle = {KI-Anwenungen, 2024},
  subtitle   = {Bilderkennung und -generierung, ChatGPT, Neuronale Netze, Datenanalyse ohne Code mit KNIME, Projekte in einfachem Python},
}

@Book{Otte2023a,
  author     = {Ralf Otte},
  date       = {2023},
  gender     = {sm},
  location   = {Weinheim},
  title      = {Künstliche Intelligenz für Dummies},
  edition    = {2},
  isbn       = {978-3-527-72099-6},
  number     = {72099-6},
  publisher  = {Wiley},
  series     = {Lernen einfach gemacht},
  annotation = {Praktisch orientierte Darstellung},
  keywords   = {LF10c},
  langid     = {ngerman},
  note       = {Print},
  shorttitle = {KI für Dummies, 2023},
}

@Book{SchWeiSie2025a,
  author     = {Ute Schmid and Katharina Weitz and Michael Siebers},
  date       = {2025},
  gender     = {pp},
  location   = {Weinheim},
  title      = {Künstliche Intelligenz selber programmieren für dummies junior},
  edition    = {2., vollständig überarbeitete},
  isbn       = {978-3-527-72188-7},
  number     = {72188-7},
  publisher  = {Wiley},
  series     = {[Lernen einfach gemacht]},
  annotation = {Charmante kindgerechte Aufbereitung auch für Erwachsene},
  keywords   = {LF10c},
  langid     = {ngerman},
  note       = {Print},
  shorttitle = {KI selber programmieren, 2025},
}

@Book{Fischer2024a,
  author     = {Jörn Fischer},
  date       = {2024},
  gender     = {pm},
  location   = {Weinheim},
  title      = {Maschinelles Lernen für dummies},
  isbn       = {978-3-527-72055-2},
  number     = {72055-2},
  publisher  = {Wiley},
  series     = {Lernen einfach gemacht},
  annotation = {Leicht zugängliche Darstellung des Spezialthemas 'Maschinelles Lernen'},
  keywords   = {LF10c},
  langid     = {ngerman},
  note       = {Print},
  shorttitle = {Maschinelles Lernen,2024},
}

@Book{PapWeiMun2022a,
  author     = {Stefan Papp and Wolfgang Weidinger and Katherine Muno and Bernhard Ortner and Annalisa Cadonna and Georg Langs and Roxane Licando and Mario Meir-Huber and Danko Nikolić and Zoltant Toth and Barbora Vesela and Rania Wazir and Günther Zauner},
  date       = {2022},
  gender     = {pp},
  location   = {München},
  title      = {Handbuch Data Science und KI},
  edition    = {2},
  isbn       = {978-3-446-46947-1},
  publisher  = {Hanser},
  annotation = {Detaillierte Darstellung - auch zur syntaktischen und semantischen Datenaufbereitung},
  keywords   = {LF10c,LF11c},
  langid     = {ngerman},
  note       = {Print},
  shorttitle = {Handbuch Data Science und KI, 2022},
  subtitle   = {Mit Machine Learning und Datenanalyse Wert aus Daten generieren},
}

@Book{HeiLadSch2021a,
  author     = {Mathias Hein and Ralf Ladner and Uwe Scholz},
  date       = {2021},
  gender     = {pm},
  location   = {Königsbronn},
  title      = {Wireshark},
  editor     = {Ralf Ladner},
  isbn       = {979-8-498-09951-4},
  publisher  = {Selbstverlag},
  annotation = {Macht die Theorie anfassbar},
  keywords   = {LF09},
  langid     = {ngerman},
  note       = {Print},
  shorttitle = {Wireshark, 2021},
  subtitle   = {Das Einmalein zum Standard-Tool zur Analyse von Netzwerken},
  titleaddon = {Praxiswissen: Netzwerkprotokolle aufzeichnen, darstellen und analysieren},
}

@Book{PatSch2023a,
  author     = {Ingo Pattet and Dorothea Schäfer},
  date       = {2023},
  gender     = {pp},
  location   = {Köln},
  title      = {Fachstufe II[:] Fachinformatiker/-in Anwendungsentwicklung, Daten- und Prozessanalyse},
  editor     = {Jürgen Gratzke},
  isbn       = {978-3-14-220072-9},
  publisher  = {Westermann / Bildungsverlag EINS},
  annotation = {Bietet mehr zu Anwendungsentwicklung als zu Daten- und Prozessnanalyse},
  keywords   = {LF10a,LF11a,LF12a,LF11c,LF12c},
  langid     = {ngerman},
  note       = {Print},
  subtitle   = {Lernfelder 10-12},
}

@Book{IhkZpa2024b,
  author     = {IHK/ZPA},
  date       = {2024},
  gender     = {sn},
  location   = {Köln},
  title      = {Fachinformatiker[,] Fachinformatikerin},
  edition    = {2},
  editor     = {ZPA Nord-West},
  publisher  = {u-form},
  series     = {Prüfungskatalog für die IHK-Abschlussprüfung},
  annotation = {Bricht den Rahmenlehrplan auf konkretere Prüfungsaspekte herunter. Enthält - wie alle Prüfungskataloge - auch die für alle gleichen LF01 - LF09},
  keywords   = {ORGA,LF10c,LF11c,LF12c},
  langid     = {ngerman},
  note       = {Print},
  shorttitle = {Prüfungskatalog Daten- und Prozessanalyse, 2024},
  subtitle   = {Fachrichtung Daten- und Prozessanalyse},
  titleaddon = {Verordnung über die Berufsausbildung zum Fachinformatiker / zur Fachinformatikerin v. 5. März 2020},
}

@Book{IhkZpa2024d,
  author     = {IHK/ZPA},
  date       = {2024},
  gender     = {sn},
  location   = {Köln},
  title      = {Fachinformatiker[,] Fachinformatikerin},
  edition    = {2},
  editor     = {ZPA Nord-West},
  publisher  = {u-form},
  series     = {Prüfungskatalog für die IHK-Abschlussprüfung},
  annotation = {Bricht den Rahmenlehrplan auf konkretere Prüfungsaspekte herunter. Enthält - wie alle Prüfungskataloge - auch die für alle gleichen LF01 - LF09},
  keywords   = {ORGA,LF10d,LF11d,LF12d},
  langid     = {ngerman},
  note       = {Print},
  shorttitle = {Prüfungskatalog Digitale Vernetzung, 2024},
  subtitle   = {Fachrichtung Digitale Vernetzung},
  titleaddon = {Verordnung über die Berufsausbildung zum Fachinformatiker / zur Fachinformatikerin v. 5. März 2020},
}

@Book{Kuestenmacher2017a,
  author     = {Werner Tiki Küstenmacher},
  date       = {2016},
  gender     = {pm},
  location   = {Frankfurt u. New York},
  title      = {simplify your life},
  edition    = {17., aktualisierte},
  isbn       = {978-3-593-39449-7},
  publisher  = {Campus Verlag},
  annotation = {Ganzheitlicher Ansatz zum Umgang mit Anforderungen. Auf den Beruf zielen besonders das Zeit- und Selbstmanagement (Kap. 3 +7).},
  keywords   = {SLBM},
  langid     = {ngerman},
  note       = {Print},
  shorttitle = {Simplify Your Life, 2017},
  subtitle   = {einfacher und glücklicher leben},
  titleaddon = {mit Lothar Seiwert},
}

@Book{Allen2024a,
  author     = {David Allen},
  date       = {2024},
  gender     = {sm},
  location   = {München},
  title      = {Wie ich die Dinge geregelt kriege},
  edition    = {10},
  isbn       = {978-3-492-30720-8},
  publisher  = {Piper},
  annotation = {Deutsche Version von 'Getting Things Done'. Eine prozessorientierte Methode zum Umgang mit Anforderunen},
  keywords   = {SLBM},
  langid     = {ngerman},
  note       = {Print},
  shorttitle = {Dinge geregelt kriegen, 2024},
  subtitle   = {Selbstmanagement für den Alltag},
}

@Book{Carroll2025a,
  author     = {Ryder Carroll},
  date       = {2025},
  gender     = {sm},
  location   = {Hamburg},
  title      = {Die Bullet Journal Methode},
  edition    = {10},
  isbn       = {978-3-499-63340-9},
  publisher  = {Rowohlt Taschenbuch Verlag},
  series     = {rororo},
  annotation = {Auf Flexibilität ausgelegte, prozessorientierte Methode zum Umgang mit Anforderungen},
  keywords   = {SLBM},
  langid     = {ngerman},
  note       = {Print},
  shorttitle = {Bullet Journal Methode, 2025},
  subtitle   = {Verstehe deine Vergangenheit, ordne deine Gegenwart, gestalte deine Zukunft},
  translator = {Viola Krauß (aus dem Englischen)},
}

@Comment{jabref-meta: databaseType:biblatex;}
